@book{engstat,
	author = "D. C. Montgomery, G. C. Runger, N. F. Hubele",
	title = "Engineering statistics",
	publisher = "London: John Wiley \& Sons, Inc.",
	year = "2001"
	}

@book{appliedstat,
	author = "O. J. Dunn, V. A. Clark",
	title = "Applied statistics: analysis of variance and regression",
	publisher = "London: John Wiley \& Sons, Inc.",
	year = "1974"
}

@book{matstat,
	author = "Željko Pauše",
	title = "Uvod u matematičku statistiku",
	publisher = "Školska knjiga",
	year = "1993"
	}

@book{vis1,
	author = "Neven Elezović",
	title = "Diskretna vjerojatnost",
	publisher = "Element, Zagreb",
	year = "2007"
}

@book{vis2,
	author = "Neven Elezović",
	title = "Slučajne variable",
	publisher = "Element, Zagreb",
	year = "2007"
}

@book{vis3,
	author = "Neven Elezović",
	title = "Matematička statistika i stohastički procesi",
	publisher = "Element, Zagreb",
	year = "2007"
}

@misc{acceptance,
  title = {Region of Acceptance},
  howpublished = {\url{http://stattrek.com/statistics/dictionary.aspx?definition=Region_of_acceptance}},
  note = {20.5.2015.},
  year=2015
}
